@article{shin2001whatever,
  title={Whatever happened to Italy’s “red peasant”?: Geographic reflections upon la zona rossa},
  author={Shin, Michael},
  journal={Belgeo. Revue belge de g{\'e}ographie},
  number={1-2},
  pages={93--104},
  year={2001},
  publisher={National Committee of Geography of Belgium/Soci{\'e}t{\'e} Royale Belge de G{\'e}ographie}
}

@book{gunther2000anchors,
  title={The anchors of partisanship: a comparative analysis of voting behavior in four southern European democracies},
  author={Gunther, Richard and Montero, Jos{\'e} R},
  year={2000},
  publisher={Citeseer}
}

@article{pasquino2009democratic,
  title={The Democratic Party and the restructuring of the Italian party system},
  author={Pasquino, Gianfranco},
  journal={Journal of Modern Italian Studies},
  volume={14},
  number={1},
  pages={21--30},
  year={2009},
  publisher={Taylor \& Francis}
}

@article{张雄2001意大利,
  title={意大利 “南方问题” 的缘起和发展},
  author={张雄},
  journal={世界历史},
  number={6},
  pages={84--94},
  year={2001}
}

@book{fischer2012spatial,
  title={Spatial dynamics of European integration: Regional and policy issues at the turn of the century},
  author={Fischer, Manfred M and Nijkamp, Peter},
  year={2012},
  publisher={Springer Science \& Business Media}
}

@article{lesschaeve2017predictive,
  title={The predictive power of the left-right self-placement scale for the policy positions of voters and parties},
  author={Lesschaeve, Christophe},
  journal={West European Politics},
  volume={40},
  number={2},
  pages={357--377},
  year={2017},
  publisher={Taylor \& Francis}
}

@article{coughlin1998grid,
  title={Grid-group theory and political ideology: A consideration of their relative strengths and weaknesses for explaining the structure of mass belief systems},
  author={Coughlin, Richard M and Lockhart, Charles},
  journal={Journal of Theoretical Politics},
  volume={10},
  number={1},
  pages={33--58},
  year={1998},
  publisher={Sage Publications 6 Bonhill Street, London EC2A 4PU, UK}
}

@article{van2006rethinking,
  title={Rethinking the dependent variable in voting behavior: On the measurement and analysis of electoral utilities},
  author={Van der Eijk, Cees and Van der Brug, Wouter and Kroh, Martin and Franklin, Mark},
  journal={Electoral Studies},
  volume={25},
  number={3},
  pages={424--447},
  year={2006},
  publisher={Elsevier}
}

@book{berglund2005party,
  title={Party identification and party choice},
  author={Berglund, Frode and Holmberg, S{\"o}ren and Schmitt, Hermann and Thomassen, Jacques},
  year={2005},
  publisher={na}
}

@article{fiorina1977outline,
  title={An outline for a model of party choice},
  author={Fiorina, Morris P},
  journal={American Journal of Political Science},
  pages={601--625},
  year={1977},
  publisher={JSTOR}
}

@article{davis2016party,
  title={Party polarization, media choice, and mass partisan-ideological sorting},
  author={Davis, Nicholas T and Dunaway, Johanna L},
  journal={Public Opinion Quarterly},
  volume={80},
  number={S1},
  pages={272--297},
  year={2016},
  publisher={Oxford University Press US}
}

@article{tomasini2011anni,
  title={Gli anni di piombo raccontati sulle colonne de "La Repubblica" e "Il Giornale": le interpretazioni dei due giornali-partito contrapposti},
  author={Tomasini, Beatrice},
  journal={LUISS University Master's Thesis},
  year={2011},
  publisher={LUISS Guido Carli}
}